<?xml version="1.0" encoding="UTF-8"?><collection xmlns="http://www.loc.gov/MARC21/slim"><record><leader>00454nam--2200181-i-4500</leader><controlfield tag="001">000023179</controlfield><controlfield tag="002">20161230</controlfield><controlfield tag="005">20161230201034</controlfield><controlfield tag="008">060222s1000------------r-----000-0-eng-d</controlfield><datafield ind1=" " ind2=" " tag="040"><subfield code="a">IFIN-HH</subfield></datafield><datafield ind1=" " ind2=" " tag="080"><subfield code="a">802.0</subfield></datafield><datafield ind1="1" ind2=" " tag="100"><subfield code="a">Jespersen, Otto</subfield></datafield><datafield ind1="1" ind2="0" tag="245"><subfield code="a">Essentials of english grammar</subfield><subfield code="c">Otto jespersen</subfield></datafield><datafield ind1=" " ind2=" " tag="250"><subfield code="a">Reprinted</subfield></datafield><datafield ind1=" " ind2=" " tag="260"><subfield code="a">London</subfield><subfield code="b">George Allen &amp; Unwin Ltd</subfield><subfield code="c">1966</subfield></datafield><datafield ind1=" " ind2=" " tag="300"><subfield code="a">387P</subfield></datafield><datafield ind1=" " ind2=" " tag="852"><subfield code="a">36473</subfield><subfield code="c">4</subfield></datafield><datafield ind1=" " ind2=" " tag="CAT"><subfield code="a">Sys</subfield><subfield code="c">20130201</subfield><subfield code="h">140042</subfield></datafield></record></collection>